@inbook{Legett:1980,
  author      = "A.J.~Legett",
  title       = "Diatomic molecules and cooper pairs",
  editor      = "A. Pekalski and J. Przystawa",
  booktitle   = "Modern Trends in the Theory of Condensed Matter",
  publisher   = "Springer",
  address     = "Berlin",
  year        = 1980,
  pages       = "13--27",
}


@article{Eagles:1969,
  year = {1969},
  volume = {186},
  pages = {456},
  author = {D.M.~Eagles},
  title = {Possible Pairing without Superconductivity at Low Carrier Concentrations in Bulk and Thin-Film Superconducting Semiconductors},
  journal = {Physical Review},
}

@article{PRL:2006,
  author = {E. Burovski and B. Svistunov and N. Prokof'ev and M. Troyer},
  year = {2006},
  volume = {96},
  pages = {160402},
  title = {Critical Temperature and Thermodynamics of Attractive Fermions at Unitarity},
  journal = {Physical Review Letters},
  addendum = {preprint (ungated): https://arxiv.org/abs/cond-mat/0602224}
}

@article{NJP:2006,
  author = {E. Burovski and B. Svistunov and N. Prokof'ev and M. Troyer},
  year = {2006},
  volume = {8},
  pages = {153},
  title = {The Fermi-Hubbard Model at Unitarity},
  journal = {Physical Review Letters},
  addendum = {preprint (ungated): https://arxiv.org/abs/cond-mat/0605350}
}


@article{Gull:2011,
  author = {Emanuel Gull and Andrew J. Millis and Alexander I. Lichtenstein and Alexey N. Rubtsov and Matthias Troyer and Philipp Werner},
  year = {2011},
  volume = {83},
  pages = {349},
  title = {Continuous-time Monte Carlo methods for quantum impurity models},
  journal = {Reviews of Modern Physics},
}


@article{Goulko:2010,
  author = {Olga Goulko and Matthew Wingate},
  year = {2010},
  volume = {82},
  pages = {053621},
  title = {Thermodynamics of balanced and slightly spin-imbalanced Fermi gases at unitarity},
  journal = {Physical Review A},
  addendum = {preprint (ungated): arXiv:1008.3348}
}


@Misc{MCWA,
  url =          {http://mcwa.csi.cuny.edu/umass/fermions/fermi.html},
  year =         {2006},
  note =         {http://mcwa.csi.cuny.edu/umass/fermions/fermi.html}
}


@Misc{GH:2020,
  url =          {https://github.com/ev-br/10yr_repro_challenge_35/releases/tag/v1.1},
  year =         {2020},
  note =         {https://github.com/ev-br/10yr\_repro\_challenge\_35/releases/tag/v1.1}
}

